@url {jhipster,
    author   = "Julien Dubois",
    year     = "2015",
    month    = "jul",
    crossref = "https://jhipster.github.io/"
}
@url {jhipster,
	author   = "joyent",
	year     = "2015",
	month    = "jul",
	crossref = "https://github.com/joyent/node/wiki/projects,-applications,-and-companies-using-node"
}
